<record><leader>00000cas a22000007a 4500</leader><controlfield tag="001">24452344</controlfield><controlfield tag="008">910925d191719uualuwr ne      0    0eng d</controlfield><datafield ind1=" " ind2=" " tag="010"><subfield code="a">sn 91074522 </subfield></datafield><datafield ind1=" " ind2=" " tag="040"><subfield code="a">ONP</subfield><subfield code="b">eng</subfield><subfield code="c">ONP</subfield><subfield code="d">OCLCQ</subfield><subfield code="d">OCLCF</subfield><subfield code="d">OCLCO</subfield><subfield code="d">OCL</subfield></datafield><datafield ind1=" " ind2=" " tag="042"><subfield code="a">msc</subfield></datafield><datafield ind1="0" ind2=" " tag="130"><subfield code="a">Skirmisher (Montgomery, Alabama)</subfield></datafield><datafield ind1="1" ind2="4" tag="245"><subfield code="a">The Skirmisher.</subfield></datafield><datafield ind1=" " ind2=" " tag="260"><subfield code="a">Montgomery, Ala. :</subfield><subfield code="b">Schell, O'Brien and Martin</subfield></datafield><datafield ind1=" " ind2=" " tag="300"><subfield code="a">v.</subfield></datafield><datafield ind1=" " ind2=" " tag="310"><subfield code="a">Weekly</subfield></datafield><datafield ind1="1" ind2=" " tag="362"><subfield code="a">Began in 1917.</subfield></datafield><datafield ind1=" " ind2=" " tag="500"><subfield code="a">Published for Camp Sheridan.</subfield></datafield><datafield ind1=" " ind2=" " tag="588"><subfield code="a">Description based on: Vol. 1, no. 7 (Dec. 2, 1917).</subfield></datafield><datafield ind1=" " ind2="0" tag="650"><subfield code="a">World War, 1914-1918</subfield><subfield code="v">Newspapers.</subfield></datafield><datafield ind1="2" ind2="7" tag="611"><subfield code="a">World War (1914-1918)</subfield><subfield code="2">fast</subfield><subfield code="0">(OCoLC)fst01180746</subfield></datafield><datafield ind1=" " ind2="7" tag="648"><subfield code="a">1914-1918</subfield><subfield code="2">fast</subfield></datafield><datafield ind1=" " ind2="7" tag="655"><subfield code="a">Newspapers.</subfield><subfield code="2">fast</subfield><subfield code="0">(OCoLC)fst01423814</subfield></datafield><datafield ind1=" " ind2=" " tag="752"><subfield code="a">United States</subfield><subfield code="b">Alabama</subfield><subfield code="c">Montgomery</subfield><subfield code="d">Montgomery.</subfield></datafield><datafield ind1="1" ind2=" " tag="029"><subfield code="a">AU@</subfield><subfield code="b">000025875534</subfield></datafield></record>